% This file was created with JabRef 2.10.
% Encoding: UTF8


@Online{Bitouze,
  Title                    = {Conférence \LaTeX{} \no6},
  Author                   = {Bitouzé, Denis},
  Date                     = {2015-03-17},
  Url                      = {http://gte.univ-littoral.fr/members/dbitouze/pub/latex/diapositives-cours-d/conference-n-6/downloadFile/file/en-ligne6.pdf},
  Language                 = {french},
  Organization             = {Université du Littoral Côte d'Opale},
  Subtitle                 = {Bibliographie (biber/biblatex), citations d’extraits},

  Owner                    = {bitouze},
  Timestamp                = {2015.03.18}
}

@Manual{Ensenbach,
  Title                    = {Liste des péchés des utilisateurs de \LaTeXe},
  Author                   = {Ensenbach, Marc and Trettin, Mark and Alfonsi, Bernard},
  Date                     = {2011-09-20},
  Language                 = {french},
  Subtitle                 = {Commandes et extensions obsolètes, et autres erreurs},
  Url                      = {http://mirrors.ctan.org/info/l2tabu/french/l2tabufr.pdf},

  Owner                    = {bitouze},
  Timestamp                = {2015.03.18}
}
