% Encoding: UTF-8


@Online{Bitouze,
  Title                    = {Conférence \LaTeX{} \no6},
  Author                   = {Bitouzé, Denis},
  Date                     = {2020-11-25},
  Url                      = {https://frama.link/en-ligne6},
  Language                 = {french},
  Organization             = {Université du Littoral Côte d'Opale},
  Subtitle                 = {Bibliographie (biber/biblatex), citations d’extraits},
}

@Online{Bitouze7,
  Title                    = {Conférence \LaTeX{} \no7},
  Author                   = {Bitouzé, Denis},
  Date                     = {2020-11-25},
  Url                      = {https://frama.link/en-ligne7},
  Language                 = {french},
  Organization             = {Université du Littoral Côte d'Opale},
  Subtitle                 = {Glossaires et (liste d’)acronymes, index},
}

@Manual{Ensenbach,
  Title                    = {Liste des péchés des utilisateurs de \LaTeXe},
  Author                   = {Ensenbach, Marc and Trettin, Mark and Alfonsi, Bernard},
  Date                     = {2011-09-20},
  Language                 = {french},
  Subtitle                 = {Commandes et extensions obsolètes, et autres erreurs},
  Url                      = {http://mirrors.ctan.org/info/l2tabu/french/l2tabufr.pdf},

  Owner                    = {bitouze},
  Timestamp                = {2015.03.18}
}

@Comment{jabref-meta: databaseType:biblatex;}
